% -----------------------------------------------------------------------
% File: CogSci_Template.bib
% -----------------------------------------------------------------------

% Modified : Eli M. Silk (esilk at pitt.edu)            05/24/2005
% Modified : David Noelle (dnoelle at ucmerced.edu)     11/19/2014

@article {Suminski2010,
	author = {Suminski, Aaron J. and Tkach, Dennis C. and Fagg, Andrew H. and Hatsopoulos, Nicholas G.},
	title = {Incorporating Feedback from Multiple Sensory Modalities Enhances Brain{\textendash}Machine Interface Control},
	volume = {30},
	number = {50},
	pages = {16777--16787},
	year = {2010},
	doi = {10.1523/JNEUROSCI.3967-10.2010},
	publisher = {Society for Neuroscience},
	issn = {0270-6474},
	URL = {https://www.jneurosci.org/content/30/50/16777},
	eprint = {https://www.jneurosci.org/content/30/50/16777.full.pdf},
	journal = {Journal of Neuroscience},
}

@article{Kloosterman2015,
author = {Kloosterman, Niels A. and Meindertsma, Thomas and van Loon, Anouk M. and Lamme, Victor A. F. and Bonneh, Yoram S. and Donner, Tobias H.},
title = {Pupil size tracks perceptual content and surprise},
journal = {European Journal of Neuroscience},
volume = {41},
number = {8},
pages = {1068-1078},
keywords = {brain state, human, perceptual bistability, perceptual decision-making, pupillometry},
doi = {https://doi.org/10.1111/ejn.12859},
url = {https://onlinelibrary.wiley.com/doi/abs/10.1111/ejn.12859},
eprint = {https://onlinelibrary.wiley.com/doi/pdf/10.1111/ejn.12859},
year = {2015},
}

@article {AnENEURO.0178-19.2019,
	author = {An, Junmo and Yadav, Taruna and Hessburg, John P. and Francis, Joseph T.},
	title = {Reward Expectation Modulates Local Field Potentials, Spiking Activity and Spike-Field Coherence in the Primary Motor Cortex},
	volume = {6},
	number = {3},
	elocation-id = {ENEURO.0178-19.2019},
	year = {2019},
	doi = {10.1523/ENEURO.0178-19.2019},
	publisher = {Society for Neuroscience},
	URL = {https://www.eneuro.org/content/6/3/ENEURO.0178-19.2019},
	eprint = {https://www.eneuro.org/content/6/3/ENEURO.0178-19.2019.full.pdf},
	journal = {eNeuro}
}

@article {Girdler2022,
    author = {Girdler, B., Caldbeck, W., & Bae, J.},
    title = {Neural Decoders Using Reinforcement Learning in Brain Machine Interfaces: A Technical Review},
    journal = {Frontiers in systems neuroscience},
    volume = {16},
    number = {836778},
    year = {2022},
    URL = {https://doi.org/10.3389/fnsys.2022.836778},
}

Girdler, B., Caldbeck, W., & Bae, J. (2022). Neural Decoders Using Reinforcement Learning in Brain Machine Interfaces: A Technical Review. Frontiers in systems neuroscience, 16, 836778. https://doi.org/10.3389/fnsys.2022.836778

% -----------------------------------------------------------------------
% Document End
% -----------------------------------------------------------------------
